@misc{stacks-project,
  shorthand    = {Stacks},
  author       = {The {Stacks Project Authors}},
  title        = {\itshape {S}tacks {P}roject},
  howpublished = {\url{http://stacks.math.columbia.edu}},
  year         = {2017},
}
