@book {kn,
    AUTHOR = {Knutson, Donald},
     TITLE = {Algebraic spaces},
    SERIES = {Lecture Notes in Mathematics, Vol. 203},
 PUBLISHER = {Springer-Verlag, Berlin-New York},
      YEAR = {1971},
     PAGES = {vi+261},
   MRCLASS = {14A20 (13J15 14F20)},
  MRNUMBER = {0302647},
MRREVIEWER = {H. Kurke},
}

@misc{stacks-project,
  shorthand    = {Stacks},
  author       = {The {Stacks Project Authors}},
  title        = {{\itshape {S}tacks {P}roject}},
  howpublished = {\url{http://stacks.math.columbia.edu}},
  year         = {2017},
}

@article {ko90,
    AUTHOR = {Koll\'ar, J\'anos},
     TITLE = {Projectivity of complete moduli},
   JOURNAL = {J. Differential Geom.},
  FJOURNAL = {Journal of Differential Geometry},
    VOLUME = {32},
      YEAR = {1990},
    NUMBER = {1},
     PAGES = {235--268},
      ISSN = {0022-040X},
   MRCLASS = {14D22 (14H10 14J10)},
  MRNUMBER = {1064874},
MRREVIEWER = {Autorreferat},
       URL = {http://projecteuclid.org.ezproxy.cul.columbia.edu/euclid.jdg/1214445046},
}

@book {km,
    AUTHOR = {Koll\'ar, J\'anos and Mori, Shigefumi},
     TITLE = {Birational geometry of algebraic varieties},
    SERIES = {Cambridge Tracts in Mathematics},
    VOLUME = {134},
      NOTE = {With the collaboration of C. H. Clemens and A. Corti,
              Translated from the 1998 Japanese original},
 PUBLISHER = {Cambridge University Press, Cambridge},
      YEAR = {1998},
     PAGES = {viii+254},
      ISBN = {0-521-63277-3},
   MRCLASS = {14E30},
  MRNUMBER = {1658959},
MRREVIEWER = {Mark Gross},
       DOI = {10.1017/CBO9780511662560},
       URL = {http://dx.doi.org/10.1017/CBO9780511662560},
}

@article {dm,
    AUTHOR = {Deligne, P. and Mumford, D.},
     TITLE = {The irreducibility of the space of curves of given genus},
   JOURNAL = {Inst. Hautes \'Etudes Sci. Publ. Math.},
  FJOURNAL = {Institut des Hautes \'Etudes Scientifiques. Publications
              Math\'ematiques},
    NUMBER = {36},
      YEAR = {1969},
     PAGES = {75--109},
      ISSN = {0073-8301},
   MRCLASS = {14.20},
  MRNUMBER = {0262240},
MRREVIEWER = {Manfred Herrmann},
       URL = {http://www.numdam.org/item?id=PMIHES_1969__36__75_0},
}

@book {acmg,
    AUTHOR = {Arbarello, Enrico and Cornalba, Maurizio and Griffiths, Pillip
              A.},
     TITLE = {Geometry of algebraic curves. {V}olume {II}},
    SERIES = {Grundlehren der Mathematischen Wissenschaften [Fundamental
              Principles of Mathematical Sciences]},
    VOLUME = {268},
      NOTE = {With a contribution by Joseph Daniel Harris},
 PUBLISHER = {Springer, Heidelberg},
      YEAR = {2011},
     PAGES = {xxx+963},
      ISBN = {978-3-540-42688-2},
   MRCLASS = {14H10 (32G15)},
  MRNUMBER = {2807457},
MRREVIEWER = {E. Looijenga},
       DOI = {10.1007/978-3-540-69392-5},
       URL = {http://dx.doi.org/10.1007/978-3-540-69392-5},
}

@book {lazI,
    AUTHOR = {Lazarsfeld, Robert},
     TITLE = {Positivity in algebraic geometry. {I}},
    SERIES = {Ergebnisse der Mathematik und ihrer Grenzgebiete. 3. Folge. A
              Series of Modern Surveys in Mathematics},
    VOLUME = {48},
      NOTE = {Classical setting: line bundles and linear series},
 PUBLISHER = {Springer-Verlag, Berlin},
      YEAR = {2004},
     PAGES = {xviii+387},
      ISBN = {3-540-22533-1},
   MRCLASS = {14-02 (14C20)},
  MRNUMBER = {2095471},
MRREVIEWER = {Mihnea Popa},
       DOI = {10.1007/978-3-642-18808-4},
       URL = {http://dx.doi.org/10.1007/978-3-642-18808-4},
}

@book {lazII,
    AUTHOR = {Lazarsfeld, Robert},
     TITLE = {Positivity in algebraic geometry. {II}},
    SERIES = {Ergebnisse der Mathematik und ihrer Grenzgebiete. 3. Folge. A
              Series of Modern Surveys in Mathematics},
    VOLUME = {49},
      NOTE = {Positivity for vector bundles, and multiplier ideals},
 PUBLISHER = {Springer-Verlag, Berlin},
      YEAR = {2004},
     PAGES = {xviii+385},
      ISBN = {3-540-22534-X},
   MRCLASS = {14-02 (14C20 14F05 14F17)},
  MRNUMBER = {2095472},
MRREVIEWER = {Mihnea Popa},
       DOI = {10.1007/978-3-642-18808-4},
       URL = {http://dx.doi.org/10.1007/978-3-642-18808-4},
}

@article {hartshorne_ample_vb,
    AUTHOR = {Hartshorne, Robin},
     TITLE = {Ample vector bundles},
   JOURNAL = {Inst. Hautes \'Etudes Sci. Publ. Math.},
  FJOURNAL = {Institut des Hautes \'Etudes Scientifiques. Publications
              Math\'ematiques},
    NUMBER = {29},
      YEAR = {1966},
     PAGES = {63--94},
      ISSN = {0073-8301},
   MRCLASS = {14.55 (14.20)},
  MRNUMBER = {0193092},
MRREVIEWER = {M. F. Atiyah},
       URL = {http://www.numdam.org/item?id=PMIHES_1966__29__63_0},
}

@article {ek88,
    AUTHOR = {Ekedahl, Torsten},
     TITLE = {Canonical models of surfaces of general type in positive
              characteristic},
   JOURNAL = {Inst. Hautes \'Etudes Sci. Publ. Math.},
  FJOURNAL = {Institut des Hautes \'Etudes Scientifiques. Publications
              Math\'ematiques},
    NUMBER = {67},
      YEAR = {1988},
     PAGES = {97--144},
      ISSN = {0073-8301},
   MRCLASS = {14J29 (14G15 14J10)},
  MRNUMBER = {972344},
MRREVIEWER = {Yoichi Miyaoka},
       URL = {http://www.numdam.org/item?id=PMIHES_1988__67__97_0},
}

@article {mumford_stability,
    AUTHOR = {Mumford, David},
     TITLE = {Stability of projective varieties},
   JOURNAL = {Enseignement Math. (2)},
  FJOURNAL = {L'Enseignement Math\'ematique. Revue Internationale. IIe S\'erie},
    VOLUME = {23},
      YEAR = {1977},
    NUMBER = {1-2},
     PAGES = {39--110},
      ISSN = {0013-8584},
   MRCLASS = {14D20},
  MRNUMBER = {0450272},
MRREVIEWER = {P. E. Newstead},
}

@book {gieseker_lectures,
    AUTHOR = {Gieseker, D.},
     TITLE = {Lectures on moduli of curves},
    SERIES = {Tata Institute of Fundamental Research Lectures on Mathematics
              and Physics},
    VOLUME = {69},
 PUBLISHER = {Published for the Tata Institute of Fundamental Research,
              Bombay; Springer-Verlag, Berlin-New York},
      YEAR = {1982},
     PAGES = {iii+99},
      ISBN = {3-540-11953-1},
   MRCLASS = {14H10 (14D25 32J05)},
  MRNUMBER = {691308},
MRREVIEWER = {Ciro Ciliberto},
}

@article {cornalba_projectivity,
    AUTHOR = {Cornalba, M. D. T.},
     TITLE = {On the projectivity of the moduli spaces of curves},
   JOURNAL = {J. Reine Angew. Math.},
  FJOURNAL = {Journal f\"ur die Reine und Angewandte Mathematik. [Crelle's
              Journal]},
    VOLUME = {443},
      YEAR = {1993},
     PAGES = {11--20},
      ISSN = {0075-4102},
   MRCLASS = {14H10 (14D22)},
  MRNUMBER = {1241126},
MRREVIEWER = {R. F. Lax},
       DOI = {10.1515/crll.1993.443.11},
       URL = {http://dx.doi.org.ezproxy.cul.columbia.edu/10.1515/crll.1993.443.11},
}

@article {km-projectivity-I,
    AUTHOR = {Knudsen, Finn Faye and Mumford, David},
     TITLE = {The projectivity of the moduli space of stable curves. {I}.
              {P}reliminaries on ``det'' and ``{D}iv''},
   JOURNAL = {Math. Scand.},
  FJOURNAL = {Mathematica Scandinavica},
    VOLUME = {39},
      YEAR = {1976},
    NUMBER = {1},
     PAGES = {19--55},
      ISSN = {0025-5521},
   MRCLASS = {14H10 (14F05 14C05)},
  MRNUMBER = {0437541},
MRREVIEWER = {P. E. Newstead},
       DOI = {10.7146/math.scand.a-11642},
}

@article {knudsen-II,
    AUTHOR = {Knudsen, Finn F.},
     TITLE = {The projectivity of the moduli space of stable curves. {II}.
              {T}he stacks {$M_{g,n}$}},
   JOURNAL = {Math. Scand.},
  FJOURNAL = {Mathematica Scandinavica},
    VOLUME = {52},
      YEAR = {1983},
    NUMBER = {2},
     PAGES = {161--199},
      ISSN = {0025-5521},
   MRCLASS = {14H10 (14D20 14D22)},
  MRNUMBER = {702953},
MRREVIEWER = {P. E. Newstead},
       DOI = {10.7146/math.scand.a-12001},
}

@article {knudsen-III,
    AUTHOR = {Knudsen, Finn F.},
     TITLE = {The projectivity of the moduli space of stable curves. {III}.
              {T}he line bundles on {$M_{g,n}$}, and a proof of the
              projectivity of {$\overline M_{g,n}$}\ in characteristic
              {$0$}},
   JOURNAL = {Math. Scand.},
  FJOURNAL = {Mathematica Scandinavica},
    VOLUME = {52},
      YEAR = {1983},
    NUMBER = {2},
     PAGES = {200--212},
      ISSN = {0025-5521},
   MRCLASS = {14H10 (14D20 14D22)},
  MRNUMBER = {702954},
MRREVIEWER = {P. E. Newstead},
       DOI = {10.7146/math.scand.a-12002},
}
